%! Author = sam.sperring
%! Date = 2023-10-23

